@BOOK{fisica3,
  AUTHOR = "Nicolau Gilberto Ferraro; Paulo A. de Toledo Soares",
  TITLE = "Aulas de F{\'\i}sica 3 - Eletricidade",
  PUBLISHER = "Editora Atual. S{\~a}o Paulo",
  PAGES = "80,81 e 86",
  YEAR = "1991"
}

%%%%%%%%%%%%%%%%%%%%%%%%%%%%%%%%%%%%%% Novos livros utilzados no projeto Es{\c c}{\~a}o
@TECHREPORT{fink,
  AUTHOR = "Daniel Fink",
  TITLE = "A Solution for the General Model for a Digital System",
  INSTITUTION = "Fundacao Escola Tecnica Liberato Salzano Vieira da Cunha",
  YEAR = "1997",
  MONTH = "april",
  NOTE = "1st prize in Computer Science in 48th ISEF"
}
@TECHREPORT{filipi,
  AUTHOR = "Filipi D. Vianna",
  TITLE = "The Implementation for the Solution for the General Model for a 
           Digital System",
  INSTITUTION = "Fundacao Escola Tecnica Liberato Salzano Vieira da Cunha",
  YEAR = "1998",
  MONTH = "april",
}
@ARTICLE{powerg4,
  AUTHOR = "Richard E. Crandall",
  TITLE = "PowerPC G4 for Engineering, Science and Education",
  PUBLISHER = "Apple 1 Infinete Loop",
  MONTH = "october",
  YEAR = "2000"
}
%%%%%%%%%%%%%%%%%%%%%%%%%%%%%%%%%%%%%%%%%%%% Livros utilzados no projeto Es{\c c}{\~a}o
@BOOK{akonteh,
  AUTHOR = "Benny Akonteh",
  TITLE = "Introdu{\c c}{\~a}o {\`a} Organiza{\c c}{\~a}o e Arquitetura de Computadores Digitais",
  PUBLISHER = "ATI Press - Akonteh Instituto de Tecnologia. Bras{\'\i}lia",
  PAGES = "77",
  YEAR = "1983"
}
@BOOK{almasi,
  AUTHOR = "George Almasi; Allan Gottlieb",
  TITLE = "Highly Parallel Computing",
  EDITION = "2nd",
  PUBLISHER = "Benjamimn/Cummings Publishing Company Inc",
  PAGES = "689"
}
@BOOK{almeida,
  AUTHOR = "B. Hamilton Almeida",
  TITLE = "O Outro Lado das Telecomunica{\c c}{\~o}es - A saga do Pe LANDEL",
  PUBLISHER = "Editora Sulina",
  CITY = "Porto Alegre",
  YEAR = "1983",
  PAGES = "151"
}
@BOOK{bennaton,
  AUTHOR = "Jocelyn Bennaton",
  TITLE = "O que {\'e} Cibern{\'e}tica",
  PUBLISHER = "Editora Brasiliense",
  CITY = "S{\~a}o Paulo",
  YEAR = "1984",
  PAGES = "88"
}
@BOOK{bonatti,
  AUTHOR = "Ivanil Bonatti; Marcos Madureira",
  TITLE = "Introdu{\c c}{\~a}o {\`a} An{\'a}lise de Circuitos L{\'o}gicos",
  PUBLISHER = "Editora Unicamp",
  CITY = "Campinas",
  STATE = "SP",
  YEAR = "1990",
  PAGES = "148"
}
@BOOK{willianjr,
  AUTHOR = "Willian Brandn Jr",
  TITLE = "Manual do Micro Computador Z80",
  PUBLISHER = "Editora Campus LTDA",
  CITY = "Rio de Janeiro",
  YEAR = "1985",
  PAGES = "364"
}
@BOOK{camilo,
  AUTHOR = "Daniel Camilo et alli.",
  TITLE = "Circuito L{\'o}gicos - Teoria e Laborat{\'o}rio",
  EDITION = "1st",
  PUBLISHER = "Editora Livraria Ci{\^e}ncia e Tecnologia",
  CITY = "S{\~a}o Paulo",
  STATE = "SP",
  YEAR = "1984",
  PAGES = "413"
}
@BOOK{dianese,
  AUTHOR = "Ant{\^o}nio Dianese",
  TITLE = "Computa{\c c}{\~a}o e Simula{\c c}{\~a}o Anal{\'o}gica e H{\'\i}brida",
  PUBLISHER = "Ed Guanabara Dois",
  CITY = "Rio de Janeiro",
  YEAR = "1984",
  PAGES = "251"
}
@ARTICLE{nova,
  TITLE = "Entenda o Computador",
  JOURNAL = "Microchips e Micro computadores",
  YEAR = "1988",
  PUBLISHER = "Nova Cultural",
  CITY = "Sao Paulo",
  PAGES = "64"
}
@BOOK{gonick,
  AUTHOR = "Larry Gonick",
  TITLE = "Introdu{\c c}{\~a}o Ilustrada {\`A} Computa{\c c}{\~a}o (com muito humor)",
  PUBLISHER = "Ed Habra",
  CITY = "S{\~a}o Paulo",
  YEAR = "1984",
  PAGES = "242"
}
@BOOK{hartnell,
  AUTHOR = "Tim Hartnell",
  TITLE = "Simulaciones Replica la Realidad en tu Ordenador",
  PUBLISHER = "Ediciones Anaya Multimidia S.A.",
  CITY = "Madrid Espa{\~n}a",
  YEAR = "1985",
  PAGES = "247"
}
@BOOK{hibberb,
  AUTHOR = "Robert Hibberb",
  TITLE = "Circuitos Integrados - Curso B{\'a}sico para Ingenieros y T{\'e}cnicos 
           Texas Instrument Incorporated",
  PUBLISHER = "Ed. Marcombo S. A.",
  CITY = "Barcelona, Espa{\~n}a",
  YEAR = "1974",
  PAGES = "205"
}
@BOOK{intel,
  TITLE = "INTEL EPROM’s catalog",
  YEAR = "1980"
}
@BOOK{mammana,
  AUTHOR = "Carlos Mammana; Jo{\~a}o Zuffo",
  TITLE = "Dispositivos e Circuitos Eletr{\^o}nicos",
  PUBLISHER = "Editora McGraw Hill do Brasil LTDA.", 
  CITY = "S{\~a}o Paulo",
  YEAR = "1971",
  PAGES = "271"
}
@BOOK{manda,
  AUTHOR = "F. F. Manda",
  TITLE = "Circuitos Integrados: Tecnologia e Aplica{\c c}{\~o}es",
  PUBLISHER = "LTC - Livros T{\'e}cnicos e Cient{\'\i}ficos",
  CITY = "Rio de Janeiro",
  YEAR = "1982",
  PAGES = "221"
}
@ARTICLE{cienciacultura,
  AUTHOR = "Wagner Waneck Martins",
  TITLE = "A Linguagem Num{\'e}rica",
  JOURNAL = "Revista Ci{\^e}ncia e Cultura",
  PUBLISHER = "S.B.P.C.",
  CITY = "S{\~a}o Paulo",
  PAGES = "598 a 605",
  NUMBER = "38(4)",
  month = "abril",
  YEAR = "1986"
}
@ARTICLE{cienciacultura2,
  AUTHOR = "Wagner Waneck Martins",
  TITLE = "A Matem{\'a}tica Booleana e os Pensamentos Humano e Artificial",
  JOURNAL = "Revista Ci{\^e}ncia e Cultura",
  PUBLISHER = "S.B.P.C.",
  CITY = "S{\~a}o Paulo",
  PAGES = "427 a 431",
  month = "abril",
  YEAR = "1983"
}
@ARTICLE{cienciacultura3,
  AUTHOR = "Wagner Waneck Martins",
  TITLE = "EPROM, Um Dispositivo L{\'o}gico Universal e Program{\'a}vel",
  JOURNAL = "Revista Ci{\^e}ncia e Cultura",
  PUBLISHER = "S.B.P.C.",
  CITY = "S{\~a}o Paulo",
  PAGES = "839 a 853",
  month = "setembro",
  YEAR = "1989"
}
@ARTICLE{cienciacultura4,
  AUTHOR = "Wagner Waneck Martins",
  TITLE = "L{\'o}gica Ling{\"u}{\'\i}stica - 1ª parte",
  JOURNAL = "Revista Ci{\^e}ncia e Cultura",
  PUBLISHER = "S.B.P.C.",
  CITY = "S{\~a}o Paulo",
  NUMBER = "36(8)",
  PAGES = "1331 a 1349",
  MONTH = "agosto",
  YEAR = "1984"
}
@ARTICLE{cienciacultura5,
  AUTHOR = "Wagner Waneck Martins",
  TITLE = "L{\'o}gica Ling{\"u}{\'\i}stica: Dedu{\c c}{\~a}o de Textos - 2ª parte",
  JOURNAL = "Revista Ci{\^e}ncia e Cultura",
  PUBLISHER = "S.B.P.C.",
  CITY = "S{\~a}o Paulo",
  NUMBER = "37(4)",
  PAGES = "584 a 600",
  MONTH = "abril",
  YEAR = "1985"
}
@BOOK{escao,
  AUTHOR = "Wagner Waneck Martins",
  TITLE = "Es{\c c}{\~a}o (n~m~p) - Um Computador N{\~a}o-Von Neumann",
  EDITION = "1st",
  PUBLISHER = "Editora Cartograf",
  CITY = "Campinas",
  STATE = "S{\~a}o Paulo",
  YEAR = "1985",
  PAGES = "267"
}
@ARTICLE{cienciacultura5,
  AUTHOR = "Wagner Waneck Martins",
  TITLE = "Software para Circuitos L{\'o}gicos a Eprom",
  JOURNAL = "Revista Ferrovia",
  PUBLISHER = "Associa{\c c}{\~a}o dos Engenheiros da E.F.S.J.",
  CITY = "S{\~a}o Paulo",
  NUMBER = "88",
  PAGES = "584 a 600",
  MONTH = "janeiro/fevereiro",
  YEAR = "1983"
}
@BOOK{mello,
  AUTHOR = "Hilota Mello",
  TITLE = "Circuitos Integrados",
  PUBLISHER = "Editora Edgar Bl{\"u}cher LTDA",
  CITY = "S{\~a}o Paulo",
  YEAR = "1976",
  PAGES = "153"
}
@BOOK{morais,
  AUTHOR = "Robert Moraes e Jhon Milhe",
  TITLE = "Projetos com Circuitos Integrados TTL Texas Instrument
           Incorporated",
  PUBLISHER = "Ed. Guanabara",
  CITY = "Rio de Janeiro",
  YEAR = "1978",
  PAGES = "325"
}
@BOOK{phister,
  AUTHOR = "Montgomery Phister",
  TITLE = "Logical Design of Digital Computers",
  PUBLISHER = "John Wiley \& Sons, Inc.",
  CITY = "New York",
  YEAR = "1958",
  PAGES = "408"
}
@ARTICLE{pountain,
  AUTHOR = "Diclk Pountain",
  TITLE = "A Solu{\c c}{\~a}o Multiprocessadora",
  JOURNAL = "Byte Brasil Vol 2",
  NUMBER = "11",
  PAGES = "65 a 71",
  MONTH = "novembro",
  YEAR = "1983"
}
@BOOK{prata,
  AUTHOR = "Stephen Prata",
  TITLE = "Divertindo-se com a Vida Artificial",
  PUBLISHER = "Berkeley Brasil Editora",
  CITY = "S{\~a}o Paulo",
  YEAR = "1993",
  PAGES = "182"
}
@BOOK{rony,
  AUTHOR = "Peter R. Rony et alli",
  TITLE = "The 8080A Bugbook Microcomputer Interfacing and Programming 
           by Radio Shack",
  PUBLISHER = "Howard W. Sams & Co., Inc.",
  CITY = "Indiannapolis",
  STATE = "Indiana",
  COUNTRY = "USA",
  YEAR = "1977",
  PAGES = "416"
}
@ARTICLE{stark,
  AUTHOR = "Peter Stark",
  TITLE = "Micro-programed Comtrolers bridging the gap between TTL 
           and microprocessors",
  JOURNAL = "73 Magazine",
  MONTH = "janeiro",
  YEAR = "1982",
  PAGES = "68-84"
}
@BOOK{vladimirescu,
  AUTHOR = "A. Vladimirescu et alli",
  TITLE = "SPICE User´s Guide Version 2G",
  PUBLISHER = "Dept. Of Eletrical Engineering and Computer Sciences,
               Univ. Of California, USA",
  MONTH = "August",
  YEAR = "1981",
  PAGES = "55"
}
@BOOK{zacks,
  AUTHOR = "Rotinary Zacks",
  TITLE = "From Chips to Systems",
  PUBLISHER = "Sybex Inc. Berkeley. CA. USA",
  YEAR = "1981",
  PAGES = "552"
}
@BOOK{z80,
  TITLE = "Z80 Product Specifications",
  PUBLISHER = "Zilog",
  NUMBER = "3-0027-02",
  MONTH = "mar{\c c}o",
  YEAR = "1978",
  PAGES = "10"
}
@BOOK{z8000,
  TITLE = "Z8000 Technical Overview",
  PUBLISHER = "Zilog",
  NUMBER = "03-8074-01",
  MONTH = "agosto",
  YEAR = "1979",
  PAGES = "23"
}
@ARTICLE{zuffo_byte,
  AUTHOR = "Marcelo K. Zuffo; Rosele D. Lopes",
  TITLE = "Multicomputadores: o futuro do processamento",
  JOURNAL = "Byte Brasil",
  NUMBER = "11",
  PAGES = "74 a 85",
  MONTH = "novembro",
  YEAR = "1983"
}
%%%%%%%%%%%%%%%%%%%%%%%%%%%%%%%%%%%%%%%%%%% Livros utilizados no artigo do Beck
@PHDTHESIS{beck,
  AUTHOR = "J. C. Pinheiro Beck",
  TITLE = "Avalia{\c c}{\~a}o de an{\'e}is e escovas para uso em instrumenta{\c c}{\~a}o:
         Aplica{\c c}{\~a}o em transdutores de torque para uso em
         instrumenta{\c c}{\~a}o",
  YEAR = "1996"
}
@BOOK{bryant,
  AUTHOR = "M. Bryant; R.A. Burton",
  TITLE = "Thermal deformation in brushes for current passage through
           a steadly monting patch",
  PUBLISHER = "Wear",
  PAGES = "83-91",
  YEAR = "1982"
}
@BOOK{jhonson,
  AUTHOR = "J.L. Jhonson;J. Schreurs",
  TITLE = "High current brushes, effect electrical load",
  PAGES = "23-25",
  YEAR = "1982"
}
@BOOK{marshall,
  AUTHOR = "R.A. Marshall",
  TITLE = "The mechanism of current transfer in high current sliding
           contacts",
  PUBLISHER = "Wear",
  PAGES = "233-240",
  YEAR = "1976"
}
@BOOK{rabi,
  AUTHOR = "E. Rabinowickz",
  TITLE = "The temperature rise at sliding electrical contacts",
  PUBLISHER = "Wear",
  PAGES = "29-37",
  YEAR = "1982"
}
@BOOK{williamson,
  AUTHOR = "J.B.P. Williamson; N. Allem",
  TITLE = "Thermal stability in graphite contacts",
  PUBLISHER = "Wear",
  PAGES = "34-49",
  YEAR = "1992"
}





